@misc{rpigpio,
  title = {RPi.GPIO PyPi project page},
  howpublished = {\url{https://pypi.org/project/RPi.GPIO/}},
  note = {Accessed: 2020-05-14}
}

@misc{libgpiod,
  title = {libgpiod mainline repository},
  howpublished = {\url{https://git.kernel.org/pub/scm/libs/libgpiod/libgpiod.git/}},
  note = {Accessed: 2020-05-14}
}

@misc{gpiozero,
  title = {gpiozero mainline repository},
  howpublished = {\url{https://github.com/gpiozero/gpiozero}},
  note = {Accessed: 2020-05-19}
}
